<?xml version="1.0" encoding="UTF-8"?><collection xmlns="http://www.loc.gov/MARC21/slim"><record><leader>00501nam--2200121-i-4500</leader><controlfield tag="001">000038655</controlfield><controlfield tag="002">20161230</controlfield><controlfield tag="005">20161230201041</controlfield><controlfield tag="008">060222s1000------------r-----000-0-eng-d</controlfield><datafield ind1=" " ind2=" " tag="080"><subfield code="a">669.017.1</subfield></datafield><datafield ind1=" " ind2=" " tag="245"><subfield code="a">Report of the research group for study of micro-structural changes accompanying precipitation from supersaturated solid solutions of aluminium alloys mainly ba means of several newly developed methods</subfield></datafield><datafield ind1=" " ind2=" " tag="260"><subfield code="a">Osaka, The Light Metal Educational Foundation Incorporated, 1982, 127p</subfield></datafield><datafield ind1=" " ind2=" " tag="852"><subfield code="a">71162</subfield></datafield></record></collection>